@misc{nulltxstatusico,
	Author = {Nulltx},
	Howpublished = {\url{https://nulltx.com/f2pool-allegedly-prevented-users-from-investing-in-status-ico/}},
	Title = {F2Pool Allegedly Prevented Users From Investing in Status ICO},
	Note = {Accessed: 2018-06-10},
	Year = {2017}}

@misc{statuswhitepaper,
	Author = {Status Team},
	Howpublished = {\url{https://status.im/whitepaper.pdf}},
	Title = {The Status Network, A strategy towards mass adoption of Ethereum},
	Note = {Accessed: 2018-06-10},
	Year = {2017}}

@misc{statusicoanalysis,
	Author = {Corey Petty},
	Howpublished = {\url{https://medium.com/the-bitcoin-podcast-blog/a-look-at-the-status-im-ico-token-distribution-f5bcf7f00907}},
	Title = {A Look at the Status.im ICO Token Distribution},
	Note = {Accessed: 2018-06-10},
	Year = {2017}}