@misc{altcoin,
	Howpublished = {\url{https://blog.altcoin.io/the-evolution-of-atomic-swaps-e33ad3af8818}},
	Title = {{The Evolution of Atomic Swaps}},
	Year = {2017}}

@misc{decred,
	Howpublished = {\url{https://github.com/decred/atomicswap}},
	Title = {{Decred cross-chain atomic swapping}},
	Year = {2017}}

@misc{Raiden,
	Howpublished = {\url{https://medium.com/@dopetard/atomic-swap-of-erc20-tokens-on-the-raiden-network-a9890c4957d7}},
	Title = {{Atomic Swap of ERC20 Tokens on the Raiden Network}},
	}

@article{zhang2017republic,
  title={Republic Protocol},
  author={Zhang, Taiyang and Wang, Loong},
  year={2017}
}

@article{herlihy2018atomic,
  title={Atomic cross-chain swaps},
  author={Herlihy, Maurice},
  journal={arXiv preprint arXiv:1801.09515},
  year={2018}
}

@inproceedings{franklin1998secure,
  title={Secure group barter: Multi-party fair exchange with semi-trusted neutral parties},
  author={Franklin, Matt and Tsudik, Gene},
  booktitle={International Conference on Financial Cryptography},
  pages={90--102},
  year={1998},
  organization={Springer}
}

@inproceedings{micali2003simple,
  title={Simple and fast optimistic protocols for fair electronic exchange},
  author={Micali, Silvio},
  booktitle={Proceedings of the twenty-second annual symposium on Principles of distributed computing},
  pages={12--19},
  year={2003},
  organization={ACM}
}
